<record><leader>00000cas a22000007a 4500</leader><controlfield tag="001">11531323</controlfield><controlfield tag="008">841228d19081917pauwn n       0   a0eng d</controlfield><controlfield tag="009">148</controlfield><datafield ind1=" " ind2=" " tag="010"><subfield code="a">sn 84032425 </subfield></datafield><datafield ind1=" " ind2=" " tag="040"><subfield code="a">NYG</subfield><subfield code="b">eng</subfield><subfield code="c">NYG</subfield><subfield code="d">DLC</subfield><subfield code="d">NOP</subfield><subfield code="d">NPH</subfield><subfield code="d">ONP</subfield><subfield code="d">ANN</subfield><subfield code="d">CM3</subfield><subfield code="d">GPO</subfield><subfield code="d">OCLCA</subfield><subfield code="d">OCLCF</subfield></datafield><datafield ind1=" " ind2=" " tag="042"><subfield code="a">msc</subfield></datafield><datafield ind1=" " ind2=" " tag="043"><subfield code="a">n-us-pa</subfield></datafield><datafield ind1="0" ind2=" " tag="086"><subfield code="a">I 20.16:</subfield></datafield><datafield ind1=" " ind2=" " tag="092"><subfield code="a">371.9797</subfield><subfield code="b">qC283, 84-57518</subfield></datafield><datafield ind1="0" ind2="4" tag="245"><subfield code="a">The Carlisle arrow.</subfield></datafield><datafield ind1=" " ind2=" " tag="260"><subfield code="a">Carlisle, Pa. :</subfield><subfield code="b">by the students of the United States Indian School</subfield></datafield><datafield ind1=" " ind2=" " tag="300"><subfield code="a">v. :</subfield><subfield code="b">ill. ;</subfield><subfield code="c">23 cm.</subfield></datafield><datafield ind1=" " ind2=" " tag="310"><subfield code="a">Weekly (during academic year)</subfield></datafield><datafield ind1="0" ind2=" " tag="362"><subfield code="a">Vol. 5, no. 1 (Sept. 11, 1908)-v. 14, no. 4 (Oct. 1917).</subfield></datafield><datafield ind1=" " ind2=" " tag="500"><subfield code="a">Annual "Senior Number" published in May; not published in 1915.</subfield></datafield><datafield ind1=" " ind2=" " tag="580"><subfield code="a">Merged with: Red man, to form: Carlisle arrow and red man.</subfield></datafield><datafield ind1="2" ind2="0" tag="610"><subfield code="a">United States Indian School (Carlisle, Pa.)</subfield><subfield code="v">Newspapers.</subfield></datafield><datafield ind1=" " ind2="0" tag="650"><subfield code="a">Indians of North America</subfield><subfield code="x">Education</subfield><subfield code="v">Newspapers.</subfield></datafield><datafield ind1=" " ind2="0" tag="650"><subfield code="a">Indians of North America</subfield><subfield code="x">Education</subfield><subfield code="z">Pennsylvania</subfield><subfield code="v">Newspapers.</subfield></datafield><datafield ind1=" " ind2="0" tag="651"><subfield code="a">Cumberland County (Pa.)</subfield><subfield code="v">Newspapers.</subfield></datafield><datafield ind1=" " ind2="7" tag="655"><subfield code="a">Newspapers.</subfield><subfield code="2">fast</subfield><subfield code="0">(OCoLC)fst01423814</subfield></datafield><datafield ind1="2" ind2="7" tag="610"><subfield code="a">United States Indian School (Carlisle, Pa.)</subfield><subfield code="2">fast</subfield><subfield code="0">(OCoLC)fst00584691</subfield></datafield><datafield ind1=" " ind2="7" tag="650"><subfield code="a">Indians of North America</subfield><subfield code="x">Education.</subfield><subfield code="2">fast</subfield><subfield code="0">(OCoLC)fst00969714</subfield></datafield><datafield ind1=" " ind2="7" tag="651"><subfield code="a">Pennsylvania.</subfield><subfield code="2">fast</subfield><subfield code="0">(OCoLC)fst01204598</subfield></datafield><datafield ind1=" " ind2="7" tag="651"><subfield code="a">Pennsylvania</subfield><subfield code="z">Cumberland County.</subfield><subfield code="2">fast</subfield><subfield code="0">(OCoLC)fst01212513</subfield></datafield><datafield ind1="2" ind2=" " tag="710"><subfield code="a">United States Indian School (Carlisle, Pa.)</subfield></datafield><datafield ind1=" " ind2=" " tag="752"><subfield code="a">United States</subfield><subfield code="b">Pennsylvania</subfield><subfield code="c">Cumberland</subfield><subfield code="d">Carlisle.</subfield></datafield><datafield ind1="0" ind2="8" tag="776"><subfield code="i">Online version:</subfield><subfield code="t">Carlisle arrow</subfield><subfield code="w">(OCoLC)619901243</subfield></datafield><datafield ind1="0" ind2="0" tag="780"><subfield code="t">Arrow (Carlisle, Pa.)</subfield><subfield code="w">(DLC)sn 89077774</subfield><subfield code="w">(OCoLC)18939078</subfield></datafield><datafield ind1="1" ind2="7" tag="785"><subfield code="t">Red man</subfield><subfield code="w">(DLC)   11024446</subfield><subfield code="w">(OCoLC)1640454</subfield></datafield><datafield ind1="1" ind2="7" tag="785"><subfield code="t">Carlisle arrow and red man</subfield><subfield code="w">(DLC)sn 84032430</subfield><subfield code="w">(OCoLC)11531462</subfield></datafield></record>